<marc:record>
<marc:leader>05423cam a2200589   4500</marc:leader>
<marc:controlfield tag="001">341446</marc:controlfield>
<marc:controlfield tag="005">20130402170946.0</marc:controlfield>
<marc:controlfield tag="008">860226s1773    enk           00000 eng  </marc:controlfield>
<marc:datafield ind1=" " ind2=" " tag="010">
<marc:subfield code="a">25015276 </marc:subfield>
</marc:datafield>
<marc:datafield ind1=" " ind2=" " tag="035">
<marc:subfield code="a">(PUVoyagerBIBID)187021</marc:subfield>
</marc:datafield>
<marc:datafield ind1=" " ind2=" " tag="035">
<marc:subfield code="a">(CStRLIN)PAUG86-B7743</marc:subfield>
</marc:datafield>
<marc:datafield ind1=" " ind2=" " tag="035">
<marc:subfield code="a">(MediadbVoyBIBID)341446</marc:subfield>
</marc:datafield>
<marc:datafield ind1=" " ind2=" " tag="035">
<marc:subfield code="9">ABB0305</marc:subfield>
</marc:datafield>
<marc:datafield ind1=" " ind2=" " tag="035">
<marc:subfield code="a">(END)sm_pr3291_a1_f81_v1</marc:subfield>
</marc:datafield>
<marc:datafield ind1=" " ind2=" " tag="035">
<marc:subfield code="a">(END)sm_pr3291_a1_f81_v2</marc:subfield>
</marc:datafield>
<marc:datafield ind1=" " ind2=" " tag="040">
<marc:subfield code="c">PU</marc:subfield>
</marc:datafield>
<marc:datafield ind1="0" ind2=" " tag="050">
<marc:subfield code="a">PR3291.A1</marc:subfield>
<marc:subfield code="b">F81</marc:subfield>
</marc:datafield>
<marc:datafield ind1=" " ind2=" " tag="090">
<marc:subfield code="a">PR3291.A1</marc:subfield>
<marc:subfield code="b">F81</marc:subfield>
<marc:subfield code="i">02/26/86 CTZ</marc:subfield>
</marc:datafield>
<marc:datafield ind1="0" ind2="4" tag="245">
<marc:subfield code="a">The Friends;</marc:subfield>
<marc:subfield code="b">or, Original letters of a person deceased. Now first published, from the manuscripts, in his correspondent's hands ...</marc:subfield>
</marc:datafield>
<marc:datafield ind1=" " ind2=" " tag="246">
<marc:subfield code="a">The friends; or, original letters of a person deceased. Now first published, from the manuscripts, in his correspondent's hands. In two volumes. Vol. I.</marc:subfield>
<marc:subfield code="d">Letter-press</marc:subfield>
<marc:subfield code="x">Volume</marc:subfield>
<marc:subfield code="g">Full</marc:subfield>
<marc:subfield code="v">v.1</marc:subfield>
</marc:datafield>
<marc:datafield ind1=" " ind2=" " tag="246">
<marc:subfield code="a">The friends; or, original letters. Vol. I.</marc:subfield>
<marc:subfield code="d">Letter-press</marc:subfield>
<marc:subfield code="x">Volume</marc:subfield>
<marc:subfield code="g">Half</marc:subfield>
<marc:subfield code="v">v.1</marc:subfield>
</marc:datafield>
<marc:datafield ind1=" " ind2=" " tag="246">
<marc:subfield code="a">The friends; or, original letters of a person deceased. Now first published, from the manuscripts, in his correspondent's hands. In two volumes. Vol. II.</marc:subfield>
<marc:subfield code="d">Letter-press</marc:subfield>
<marc:subfield code="x">Volume</marc:subfield>
<marc:subfield code="g">Full</marc:subfield>
<marc:subfield code="v">v.2</marc:subfield>
</marc:datafield>
<marc:datafield ind1=" " ind2=" " tag="246">
<marc:subfield code="a">The friends; or, original letters. Vol. II.</marc:subfield>
<marc:subfield code="d">Letter-press</marc:subfield>
<marc:subfield code="x">Volume</marc:subfield>
<marc:subfield code="g">Half</marc:subfield>
<marc:subfield code="v">v.2</marc:subfield>
</marc:datafield>
<marc:datafield ind1=" " ind2=" " tag="260">
<marc:subfield code="a">London</marc:subfield>
<marc:subfield code="b">J. Bell, near Exeter-Exchange, in the Strand; and C. Etherington, at York.</marc:subfield>
<marc:subfield code="c">MDCCLXXIII.</marc:subfield>
<marc:subfield code="v">v.1</marc:subfield>
<marc:subfield code="v">v.2</marc:subfield>
<marc:subfield code="a">[London]</marc:subfield>
</marc:datafield>
<marc:datafield ind1=" " ind2=" " tag="300">
<marc:subfield code="a">2 v. ;</marc:subfield>
<marc:subfield code="c">18 cm. (12mo)</marc:subfield>
<marc:subfield code="x">Duodecimo</marc:subfield>
<marc:subfield code="z">In two volumes.</marc:subfield>
<marc:subfield code="a">[2 v.]</marc:subfield>
</marc:datafield>
<marc:datafield ind1=" " ind2=" " tag="500">
<marc:subfield code="a">Footnote of interest relating to the editing of original texts(p. 70, first volume): ""But...I own I agree with our author...Had he been the poet of what he called the original one above, why should he have altered it for the worse, in so many passages? One must naturally suspect that there must have been some reason for varying, or disguising the text.""  Vol. 2 contains, starting on page 67, ""Some thoughts on various subjects"" - a collection of proverb-like musings akin to ""Serious reflections of Robinson Crusoe."</marc:subfield>
</marc:datafield>
<marc:datafield ind1="4" ind2=" " tag="510">
<marc:subfield code="a">ESTC (RLIN)</marc:subfield>
<marc:subfield code="c">T121492</marc:subfield>
</marc:datafield>
<marc:datafield ind1="4" ind2=" " tag="510">
<marc:subfield code="a">English novel, 1770-1829,</marc:subfield>
<marc:subfield code="c">1773: 5</marc:subfield>
</marc:datafield>
<marc:datafield ind1="4" ind2=" " tag="510">
<marc:subfield code="a">Block, A.  Engl. novel (1961 ed.),</marc:subfield>
<marc:subfield code="c">p 79</marc:subfield>
</marc:datafield>
<marc:datafield ind1=" " ind2=" " tag="520">
<marc:subfield code="a">Errata</marc:subfield>
<marc:subfield code="b">Errata.</marc:subfield>
<marc:subfield code="c">Front</marc:subfield>
<marc:subfield code="v">v.1</marc:subfield>
<marc:subfield code="v">v.2</marc:subfield>
<marc:subfield code="x">On back of title page of both volumes</marc:subfield>
</marc:datafield>
<marc:datafield ind1=" " ind2=" " tag="520">
<marc:subfield code="a">To the Reader</marc:subfield>
<marc:subfield code="b">The editor to the reader.</marc:subfield>
<marc:subfield code="c">Front</marc:subfield>
<marc:subfield code="v">v.1</marc:subfield>
<marc:subfield code="x">Describes the process of coming into possession of these letters, the process of editing them, etc.</marc:subfield>
<marc:subfield code="x">References the title of the work: ""I have added the denomination of the Friends, to the title of these writings, as there is..."</marc:subfield>
</marc:datafield>
<marc:datafield ind1=" " ind2=" " tag="591">
<marc:subfield code="a">""How preferable are the natural dictates of the heart, to the most elaborate inditings of the head!""</marc:subfield>
<marc:subfield code="1">Letter ix. Par. 2. of this collection.</marc:subfield>
<marc:subfield code="b">The friends; or, original letters of a person deceased. Now first published, from the manuscripts, in his correspondent's hands."</marc:subfield>
</marc:datafield>
<marc:datafield ind1=" " ind2=" " tag="592">
<marc:subfield code="a">Epistolary</marc:subfield>
<marc:subfield code="b">Third-person</marc:subfield>
<marc:subfield code="c">Poems</marc:subfield>
<marc:subfield code="x">Third-person narration only occurs in the footnotes of the ""editor"".</marc:subfield>
<marc:subfield code="x">Inserted in a letter ""Lord Molesworth's preface to Hotoman's Franco-Gallia translated by him, and printed in 1705, in the reign of Queen Anne"" (p. 99, second volume)."</marc:subfield>
</marc:datafield>
<marc:datafield ind1=" " ind2=" " tag="599">
<marc:subfield code="a">Author (text)</marc:subfield>
<marc:subfield code="b">Generic/Descriptive</marc:subfield>
<marc:subfield code="2">original letters of a person deceased (title page)</marc:subfield>
<marc:subfield code="2">The following collection of letters were written, a good while ago, by a gentleman unknown to the learned world... (to the reader)</marc:subfield>
<marc:subfield code="3">Title Page</marc:subfield>
<marc:subfield code="3">To the Reader</marc:subfield>
<marc:subfield code="5">Male</marc:subfield>
<marc:subfield code="7">In the title, gender claim is indeterminate in the first part of the title (""letters of a person deceased"") but clearly male in the second part (""Now first published...in his correspondent's hands."")</marc:subfield>
<marc:subfield code="7">IPossibly different gender claim within the text (p. 282, second volume): ""...I begin now to wish...that I could change my sex, for a while....Though I need not shift genders...as both you and I know many men, who generally mispend their time, in this way, as much as their wives and daughters..."</marc:subfield>
</marc:datafield>
<marc:datafield ind1=" " ind2=" " tag="599">
<marc:subfield code="a">Editor (text)</marc:subfield>
<marc:subfield code="b">Generic/Descriptive</marc:subfield>
<marc:subfield code="2">The editor to the reader.</marc:subfield>
<marc:subfield code="2">And these, reader, are, bona fide, the only liberties that have been taken with the original manuscripts, throughout these sheets, by your most obedient servant, the editor.</marc:subfield>
<marc:subfield code="3">To the Reader</marc:subfield>
<marc:subfield code="5">Male</marc:subfield>
<marc:subfield code="6">Unknown</marc:subfield>
<marc:subfield code="7">Gender claim as ""male"" is implicit in the fact that he calls himself a ""friend"" of the letter-writer's friend.</marc:subfield>
<marc:subfield code="7">Claims to have taken the actions of an editor: ""I have used the privilege of leaving out some passages, and several intire epistles....I have also ventured to add a few notes..."" (p. vi-vii)."</marc:subfield>
</marc:datafield>
<marc:datafield ind1=" " ind2="4" tag="650">
<marc:subfield code="a">CHR 1773</marc:subfield>
</marc:datafield>
<marc:datafield ind1=" " ind2="4" tag="650">
<marc:subfield code="a">PRO Singer, Jacob (donor)</marc:subfield>
</marc:datafield>
<marc:datafield ind1=" " ind2="4" tag="650">
<marc:subfield code="a">PRO Singer, Leah (donor)</marc:subfield>
</marc:datafield>
<marc:datafield ind1=" " ind2="4" tag="650">
<marc:subfield code="a">PRO Singer, Godfrey F. (honoree)</marc:subfield>
</marc:datafield>
<marc:datafield ind1=" " ind2=" " tag="700">
<marc:subfield code="a">Bell, John</marc:subfield>
<marc:subfield code="d">1745-1831</marc:subfield>
<marc:subfield code="4">Printed for</marc:subfield>
<marc:subfield code="5">Authorized</marc:subfield>
</marc:datafield>
<marc:datafield ind1=" " ind2=" " tag="700">
<marc:subfield code="a">Ethernington, Christopher</marc:subfield>
<marc:subfield code="4">Printed for</marc:subfield>
<marc:subfield code="5">Authorized</marc:subfield>
</marc:datafield>
<marc:datafield ind1=" " ind2=" " tag="710">
<marc:subfield code="a">J. Bell and C. Etherington</marc:subfield>
<marc:subfield code="4">Printed for</marc:subfield>
<marc:subfield code="5">Unauthorized</marc:subfield>
</marc:datafield>
<marc:datafield ind1="2" ind2=" " tag="710">
<marc:subfield code="a">Collection of British and American Fiction, 1660-1830 (University of Pennsylvania)</marc:subfield>
</marc:datafield>
<marc:datafield ind1="2" ind2=" " tag="710">
<marc:subfield code="a">Early Novels</marc:subfield>
<marc:subfield code="5">University of Pennsylvania</marc:subfield>
</marc:datafield>
<marc:datafield ind1=" " ind2=" " tag="752">
<marc:subfield code="a">England</marc:subfield>
<marc:subfield code="d">London.</marc:subfield>
</marc:datafield>
<marc:datafield ind1="0" ind2="1" tag="852">
<marc:subfield code="b">scsing</marc:subfield>
<marc:subfield code="t">1</marc:subfield>
<marc:subfield code="h">PR3291.A1</marc:subfield>
<marc:subfield code="i">F81</marc:subfield>
</marc:datafield>
<marc:datafield ind1="3" ind2="0" tag="866">
<marc:subfield code="8">0</marc:subfield>
<marc:subfield code="a">2 v.</marc:subfield>
</marc:datafield>
<marc:datafield ind1="3" ind2="0" tag="866">
<marc:subfield code="8">0</marc:subfield>
<marc:subfield code="a">(v.1-2); id=9999</marc:subfield>
</marc:datafield>
<marc:datafield ind1=" " ind2=" " tag="950">
<marc:subfield code="l">RBC</marc:subfield>
<marc:subfield code="e">\\\\\\\\Singer-\\\\Menden-\\\\hall\\\\</marc:subfield>
<marc:subfield code="v">2 v.</marc:subfield>
<marc:subfield code="i">02/26/86 C</marc:subfield>
</marc:datafield>
<marc:datafield ind1=" " ind2=" " tag="955">
<marc:subfield code="l">RBC</marc:subfield>
<marc:subfield code="c">1:(v.1-2)</marc:subfield>
<marc:subfield code="q">726005-6</marc:subfield>
<marc:subfield code="q">g. Mr. and Mrs. Jacob Singer</marc:subfield>
<marc:subfield code="i">02/26/86 C</marc:subfield>
</marc:datafield>
<marc:datafield ind1=" " ind2=" " tag="989">
<marc:subfield code="2">Friend</marc:subfield>
<marc:subfield code="2">Letter</marc:subfield>
<marc:subfield code="2">Person</marc:subfield>
<marc:subfield code="2">Manuscript</marc:subfield>
<marc:subfield code="2">Correspondent</marc:subfield>
<marc:subfield code="2">Hand</marc:subfield>
<marc:subfield code="2">Volume</marc:subfield>
<marc:subfield code="3">Original</marc:subfield>
<marc:subfield code="3">Deceased</marc:subfield>
<marc:subfield code="3">His</marc:subfield>
<marc:subfield code="3">Two</marc:subfield>
<marc:subfield code="6">Publish</marc:subfield>
<marc:subfield code="7">Letter</marc:subfield>
<marc:subfield code="7">Manuscript</marc:subfield>
<marc:subfield code="8">First</marc:subfield>
</marc:datafield>
<marc:datafield ind1=" " ind2=" " tag="999">
<marc:subfield code="a">MJR</marc:subfield>
<marc:subfield code="b">6/7/11</marc:subfield>
</marc:datafield>
</marc:record>